
@MISC{wright,
    author = {Ned Wright},
    title = {Ned Wright's Cosmology Tutorial },
    howpublished = {\url{http://www.astro.ucla.edu/~wright/cosmolog.htm}}
}

@MISC{hu,
    author = {Wayne Hu},
    title = {Wayne Hu's Tutorials },
    howpublished = {\url{http://background.uchicago.edu/~whu/}}
}

@MISC{l5,
    author = {IPAC Caltech},
    title = {LEVEL 5, A Knowledgebase for Extragalactic Astronomy and Cosmology},
    howpublished = {\url{https://ned.ipac.caltech.edu/level5/}}
}

@book{9780521857932,
  Author = {Houjun Mo and Frank van den Bosch and Simon White},
  Title = {Galaxy Formation and Evolution},
  Publisher = {Cambridge University Press},
  Year = {2010},
  ISBN = {0521857937}
 }
 
 @book{9780691082400,
  Author = {Phillip Peebles},
  Title = {Large-Scale Structure of the Universe},
  Publisher = {Princeton University Press},
  Year = {1980},
  ISBN = {0691082405}
 }
 
 @book{9780691074283,
  Author = {Phillip Peebles},
  Title = {Principles of Physical Cosmology},
  Publisher = {Princeton University Press},
  Year = {1993},
  ISBN = {0691074283}
  }
  
 @book{9780521422703,
  Author = {J. A. Peacock},
  Title = {Cosmological Physics (Cambridge Astrophysics)},
  Publisher = {Cambridge University Press},
  Year = {1998},
  ISBN = {0521422701}
  }
  
  @book{9780198526827,
  Author = {Steven Weinberg},
  Title = {Cosmology},
  Publisher = {Oxford University Press},
  Year = {2008},
  ISBN = {0198526822}
  }
  
  @book{9780471925675,
  Author = {Steven Weinberg},
  Title = {Gravitation and Cosmology: Principles and Applications of the General Theory of Relativity},
  Publisher = {John Wiley \& Sons, Inc.},
  Year = {1972},
  ISBN = {0471925675}
}

@book{9780521887052,
  Author = {Bernard Schutz},
  Title = {A First Course in General Relativity},
  Publisher = {Cambridge University Press},
  Year = {2009},
  ISBN = {0521887054}
  }
  
  @book{9780199665150,
  Author = {Patrick Peter and Jean-Philippe Uzan},
  Title = {Cosmologie Primordiale},
  Publisher = {Belin},
  Year = {2013}
}

@book{9782868839541,
  Author = {Francis Bernardeau},
  Title = {Cosmologie},
  Publisher = {EDP Sciences},
  Year = {2007},
  ISBN = {2868839541}
  }
  
  @book{9780852743928,
  Author = {R.W Hockney and J.W Eastwood},
  Title = {Computer Simulation Using Particles},
  Publisher = {CRC Press},
  Year = {1989},
  ISBN = {0852743920}
  }
  
  @book{9780691144917,
  Author = {Abraham Loeb and Steven Furlanetto},
  Title = {The First Galaxies in the Universe (Princeton Series in Astrophysics)},
  Publisher = {Princeton University Press},
  Year = {2013},
  ISBN = {0691144915}
  }
  
  @book{9782351410394,
  Author = {Walter Appel},
  Title = {Mathematiques pour la physique et les physiciens !},
  Publisher = {H \& K},
  Year = {},
  ISBN = {2351410394}
  }
  
  @book{9782729894023,
  Author = {Landau and Lifchitz},
  Title = {Cours de physique théorique et de mécanique},
  Publisher = {Ellipses Marketing},
  Year = {2000},
  ISBN = {2729894020}
  }
  
  @book{9781400828722,
  Author = {James Binney and Scott Tremaine},
  Title = {Galactic Dynamics: Second Edition (Princeton Series in Astrophysics)},
  Publisher = {Princeton University Press},
  Year = {2011},
  ISBN = {}
}

@book{9783540441977,
  Author = {Gerhard Börner},
  Title = {The Early Universe},
  Publisher = {Springer},
  Year = {2004},
  ISBN = {3540441972}
 }